@misc{rest:wiki,
  author = {},
  title = {{Representational state transfer}},
  howpublished = "[online]. Available: \url{https://en.wikipedia.org/wiki/Representational_state_transfer}",
  year = {2016},
  note = "[Accessed: April 19, 2016]"
}

@misc{geojson:spec,
  author = {Howard Butler, Martin Daly, Allan Doyle, Sean Gillies, Tim Schaub, Christopher Schmidt},
  title = {{The GeoJSON Format Specification}},
  howpublished = "[online]. Available: \url{http://geojson.org/geojson-spec.html}",
  year = {2008},
  note = "[Accessed: April 19, 2016]"
}

@misc{google:tiles,
  author = {},
  title = {{Map Types: Tile Coordinates}},
  howpublished = "[online]. Available: \url{https://developers.google.com/maps/documentation/javascript/maptypes?hl=en#TileCoordinates}",
  year = {2016},
  note = "[Accessed: April 19, 2016]"
}

@misc{mapbox:tiles,
  author = {},
  title = {{Vector Tiles}},
  howpublished = "[online]. Available: \url{https://www.mapbox.com/vector-tiles/}",
  year = {},
  note = "[Accessed: April 19, 2016]"
}

@misc{google:support,
  author = {},
  title = {{Google Maps JavaScript API: Browser Support}},
  howpublished = "[online]. Available: \url{https://developers.google.com/maps/documentation/javascript/browsersupport}",
  year = {2016},
  note = "[Accessed: April 20, 2016]"
}

@misc{mapbox:support,
  author = {},
  title = {{Troubleshooting: Browser support}},
  howpublished = "[online]. Available: \url{https://www.mapbox.com/help/mapbox-browser-support}",
  year = {},
  note = "[Accessed: April 20, 2016]"
}

@misc{google:directions,
  author = {},
  title = {{Google Maps Directions API}},
  howpublished = "[online]. Available: \url{https://developers.google.com/maps/documentation/directions/}",
  year = {2016},
  note = "[Accessed: April 20, 2016]"
}

@misc{wiki:wgs,
  author = {},
  title = {{World Geodetic System}},
  howpublished = "[online]. Available: \url{https://en.wikipedia.org/wiki/World_Geodetic_System}",
  year = {2016},
  note = "[Accessed: April 20, 2016]"
}

@misc{google:polyline,
  author = {},
  title = {{Google Maps Directions API: Encoded Polyline Algorithm Format}},
  howpublished = "[online]. Available: \url{https://developers.google.com/maps/documentation/utilities/polylinealgorithm}",
  year = {2016},
  note = "[Accessed: April 20, 2016]"
}

@misc{wiki:geohash,
  author = {},
  title = {{Geohash}},
  howpublished = "[online]. Available: \url{https://en.wikipedia.org/wiki/Geohash}",
  year = {2016},
  note = "[Accessed: April 21, 2016]"
}

@misc{pip:geohash,
  author = {},
  title = {{python-geohash 0.8.5}},
  howpublished = "[online]. Available: \url{https://pypi.python.org/pypi/python-geohash/0.8.5}",
  year = {},
  note = "[Accessed: April 21, 2016]"
}


@misc{pandas,
  author = {},
  title = {{Python Data Analysis Library}},
  howpublished = "[online]. Available: \url{http://pandas.pydata.org/}",
  year = {},
  note = "[Accessed: April 21, 2016]"
}

@misc{pickle,
  author = {},
  title = {{12.1. pickle --- Python object serialization}},
  howpublished = "[online]. Available: \url{https://docs.python.org/3/library/pickle.html}",
  year = {},
  note = "[Accessed: April 25, 2016]"
}

@misc{shelve,
  author = {},
  title = {{12.3. shelve --- Python object persistence}},
  howpublished = "[online]. Available: \url{https://docs.python.org/3/library/shelve.html}",
  year = {},
  note = "[Accessed: April 25, 2016]"
}

@misc{tippecanoe,
  author = {},
  title = {{Build vector tilesets from large collections of GeoJSON features.}},
  howpublished = "[online]. Available: \url{https://github.com/mapbox/tippecanoe}",
  year = {},
  note = "[Accessed: April 25, 2016]"
}

@misc{backbone,
  author = {},
  title = {{Backbone.js}},
  howpublished = "[online]. Available: \url{http://backbonejs.org/}",
  year = {},
  note = "[Accessed: April 25, 2016]"
}

@misc{backbone:mvc,
  author = {},
  title = {{Client-side MVC with Backbone.js}},
  howpublished = "[online]. Available: \url{http://www.slideshare.net/iloveigloo/clientside-mvc-with-backbonejs}",
  year = {},
  note = "[Accessed: April 25, 2016]"
}

@misc{react,
  author = {},
  title = {{React: A Javascript Library for Building User Interfaces}},
  howpublished = "[online]. Available: \url{https://facebook.github.io/react/index.html}",
  year = {},
  note = "[Accessed: April 25, 2016]"
}

@misc{flux,
  author = {},
  title = {{Flux: Application Architecture for Building User Interfaces}},
  howpublished = "[online]. Available: \url{https://facebook.github.io/flux/}",
  year = {},
  note = "[Accessed: April 25, 2016]"
}

@misc{redux,
  author = {},
  title = {{Predictable state container for JavaScript apps}},
  howpublished = "[online]. Available: \url{https://github.com/reactjs/redux}",
  year = {},
  note = "[Accessed: April 25, 2016]"
}

@misc{gh:mapboxgljs,
  author = {},
  title = {{Render Mapbox styles in the browser using JavaScript and WebGL}},
  howpublished = "[online]. Available: \url{https://github.com/mapbox/mapbox-gl-js}",
  year = {},
  note = "[Accessed: April 26, 2016]"
}

@misc{gh:tessera,
  author = {},
  title = {{Tessera: A tilelive-based tile server}},
  howpublished = "[online]. Available: \url{https://github.com/mojodna/tessera}",
  year = {},
  note = "[Accessed: April 26, 2016]"
}

@misc{redux:ppc,
  author = {Dan Abramov},
  title = {{Presentational and Container Components}},
  howpublished = "[online]. Available: \url{https://medium.com/@dan_abramov/smart-and-dumb-components-7ca2f9a7c7d0#.2vyf9ikcr}",
  year = {2015},
  note = "[Accessed: April 26, 2016]"
}

@misc{google:maps,
  author = {},
  title = {{Google Maps JavaScript API}},
  howpublished = "[online]. Available: \url{https://developers.google.com/maps/documentation/javascript/}",
  year = {},
  note = "[Accessed: April 28, 2016]"
}

@misc{leaflet,
  author = {},
  title = {{Leaflet -- an open-source {JavaScript} library for mobile-friendly interactive maps}},
  howpublished = "[online]. Available: \url{http://leafletjs.com/}",
  year = {},
  note = "[Accessed: April 28, 2016]"
}

@misc{yandex:maps,
  author = {},
  title = {{Maps API -- Yandex Technologies}},
  howpublished = "[online]. Available: \url{https://tech.yandex.ru/maps/}",
  year = {},
  note = "[Accessed: April 28, 2016]"
}

@misc{gzip,
  author = {},
  title = {{The gzip home page}},
  howpublished = "[online]. Available: \url{http://www.gzip.org/}",
  year = {},
  note = "[Accessed: May 1, 2016]"
}

@misc{protobuf,
  author = {},
  title = {{Protocol Buffers}},
  howpublished = "[online]. Available: \url{https://developers.google.com/protocol-buffers/}",
  year = {},
  note = "[Accessed: May 1, 2016]"
}

@misc{geobuf,
  author = {},
  title = {{Geobuf}},
  howpublished = "[online]. Available: \url{https://github.com/mapbox/geobuf}",
  year = {},
  note = "[Accessed: May 1, 2016]"
}

@misc{grassgis,
  author = {},
  title = {{GRASS GIS}: {General Overview}},
  howpublished = "[online]. Available: \url{https://grass.osgeo.org/documentation/general-overview/}",
  year = {},
  note = "[Accessed: May 1, 2016]"
}

@misc{qgis,
  author = {},
  title = {{QGIS}},
  howpublished = "[online]. Available: \url{http://qgis.org/en/site/index.html}",
  year = {},
  note = "[Accessed: May 1, 2016]"
}

@misc{cartodb,
  author = {},
  title = {{CartoDB}},
  howpublished = "[online]. Available: \url{https://github.com/CartoDB/cartodb}",
  year = {},
  note = "[Accessed: May 1, 2016]"
}

@misc{bottle,
  author = {},
  title = {{Bottle: Python Web Framework}},
  howpublished = "[online]. Available: \url{http://bottlepy.org/docs/dev/index.html}",
  year = {},
  note = "[Accessed: May 16, 2016]"
}

@misc{flask,
  author = {},
  title = {{Flask (A Python Microframework)}},
  howpublished = "[online]. Available: \url{http://flask.pocoo.org/}",
  year = {},
  note = "[Accessed: May 16, 2016]"
}


@misc{es2015,
  author = {},
  title = {{ECMAScript 2015 Language Specification}},
  howpublished = "[online]. Available: \url{http://www.ecma-international.org/ecma-262/6.0/}",
  year = {},
  note = "[Accessed: May 16, 2016]"
}


@misc{webpack,
  author = {},
  title = {{Webpack: Module Bundler}},
  howpublished = "[online]. Available: \url{https://webpack.github.io/}",
  year = {},
  note = "[Accessed: May 16, 2016]"
}

@misc{venv,
  author = {},
  title = {{venv -- Creation of virtual environments}},
  howpublished = "[online]. Available: \url{https://docs.python.org/3/library/venv.html}",
  year = {},
  note = "[Accessed: May 16, 2016]"
}

@misc{nginx,
  author = {},
  title = {{nginx}},
  howpublished = "[online]. Available: \url{http://nginx.org/en/}",
  year = {},
  note = "[Accessed: May 16, 2016]"
}
